<?xml version="1.0" encoding="UTF-8"?><collection xmlns="http://www.loc.gov/MARC21/slim"><record><leader>00381nam--2200133-i-4500</leader><controlfield tag="001">000029489</controlfield><controlfield tag="002">20161230</controlfield><controlfield tag="005">20161230201037</controlfield><controlfield tag="008">060222s1000------------r-----000-0-eng-d</controlfield><datafield ind1=" " ind2=" " tag="100"><subfield code="a">Lichtman, D</subfield></datafield><datafield ind1=" " ind2=" " tag="245"><subfield code="a">Mcquistan, r.b</subfield></datafield><datafield ind1=" " ind2=" " tag="260"><subfield code="a">Slow Electron Interaction With Adsorbed Gases</subfield></datafield><datafield ind1=" " ind2=" " tag="490"><subfield code="a">Progress In Nuclear Energy, Series Ix : Analytical Chemistry</subfield></datafield><datafield ind1=" " ind2=" " tag="852"><subfield code="a">543.53:539.124.17</subfield></datafield></record></collection>